@article{baptista,
author = {Baptista, J. and Gradim, A},
    TITLE = {A {W}orking {D}efinition of {F}ake {N}ews},
    JOURNAL = {Encyclopedia},
    YEAR = {2022},
    VOLUME = {2},
    NUMBER = {1},
    PAGES = {632--645},
    DOI = {10.3390/encyclopedia2010043},
    URL = {https://www.mdpi.com/2673-8392/2/1/43},
}

@inproceedings{janze_risius_2017,
author = {Janze, Christian and Risius, Marten},
year = {2017},
month = {07},
pages = {\href{https://www.researchgate.net/publication/326405790}{1-16}},
title = {{A}utomatic {D}etection of {F}ake {N}ews on {S}ocial {M}edia {P}latforms},
booktitle = {Proceedings of the 21st Pacific Asia Conference on Information Systems},
address = {Langkawi, Malaysia}}


@article{khanam, title={{F}ake {N}ews {D}etection using {M}achine {L}earning {A}pproaches}, volume={1099}, DOI={10.1088/1757-899x/1099/1/012040}, number={1}, journal={IOP Conf. Ser.: Mater. Sci. Eng.}, author={Khanam, Z and Alwasel, B N and Sirafi, H and Rashid, M}, year={2021}, pages={012040}} 

 @article{Alonso, title={{S}entiment {A}nalysis for {F}ake {N}ews {D}etection}, 
 volume={10}, 
 doi={10.3390/electronics10111348}, number={1111}, journal={Electronics}, publisher={Multidisciplinary Digital Publishing Institute}, author={Alonso, Miguel A. and Vilares, David and Gómez-Rodríguez, Carlos and Vilares, Jesús}, year={2021}, month={Jan}, pages={13-48}, language={en} }



@inproceedings{Fernandez,
author = {Fernandez, A. and Devaraj, M.},
title = {Computing the {L}inguistic-{B}ased {C}ues of {F}ake {N}ews in the {Philippines} {T}owards its {D}etection},
year = {2019},
address = {New York, USA},
booktitle = {Proceedings of the 9th International Conference on Web Intelligence, Mining, and Semantics},
articleno = {1},
pages = {\href{http://doi.org/10.1145/3326467.3326490} {1-9}}}



 @misc{Besomi_2023, type={Python}, 
 author={Besomi, J.},
 title={Texthero: Text preprocessing, representation, and visualization from zero to hero.}, 
 rights={MIT},  
 year={2021} }
 
@inbook{kedia_rasu_2020, 
address={Birmingham, UK}, 
 title={{H}ands-on {P}ython {N}atural {L}anguage {P}rocessing}, 
 publisher={Packt Publishing}, 
 author={Kedia, A. and Rasu, M.}, 
 year={2020}}


@inproceedings{VADER, title={{VADER}: A {P}arsimonious {R}ule-{B}ased {M}odel for {S}entiment {A}nalysis of {S}ocial {M}edia {T}ext}, author={Hutto, C. and Gilbert, Eric}, year={2014}, booktitle={Proceedings of the 8th International AAAI Conference on Web and Social Media}, pages={\href{http://doi.org/10.1609/icwsm.v8i1.14550}{216-225}}, address={Michigan, USA} }



@INPROCEEDINGS{ajao,
  author={Ajao, Oluwaseun and Bhowmik, Deepayan and Zargari, Shahrzad},
  booktitle={ Proceedings of the 2019 IEEE International Conference on Acoustics, Speech and Signal Processing}, 
  title={{S}entiment {A}ware {F}ake {N}ews {D}etection on {O}nline {S}ocial {N}etworks}, address={Brighton, UK},
  year={2019},
  pages={\href{http://doi.org/10.1109/ICASSP.2019.8683170}{2507-2511}}}
